
@article{waymo,
	author = "Waymo LLC",
	title = {Waymo Safety
	Report},
	year = "2021",
	note ={\url {https://waymo.com/safety/}}
}



@article{kalap,
	author = "Andr치s Kalapos and Csaba G칩r and R칩bert Moni and Istv치n Harmati",
	title = {Sim-to-real reinforcement learning applied to end-to-end vehicle control},
	journal = {arXiv:2012.07461},
	year = "2020",
	note ={\url {https://github.com/kaland313/Duckietown-RL}}
}



@book{dlr_book,
	author = "Richard S. Sutton and Andrew G. Barto",
	title = {Reinforcement Learning: An Introduction},
	year = "2018"
}



@article{stablebase,
	title = "Stable Baselines docs",
	year = "2021",
	note ={\url {https://stable-baselines.readthedocs.io/en/master/index.html}}
}

@article{DBLP:journals/corr/abs-1911-12905,
  author    = {Blazej Osinski and
               Adam Jakubowski and
               Piotr Milos and
               Pawel Ziecina and
               Christopher Galias and
               Silviu Homoceanu and
               Henryk Michalewski},
  title     = {Simulation-based reinforcement learning for real-world autonomous
               driving},
  journal   = {CoRR},
  volume    = {abs/1911.12905},
  year      = {2019},
  url       = {http://arxiv.org/abs/1911.12905},
  eprinttype = {arXiv},
  eprint    = {1911.12905},
  timestamp = {Wed, 08 Jan 2020 15:28:22 +0100},
  biburl    = {https://dblp.org/rec/journals/corr/abs-1911-12905.bib},
  bibsource = {dblp computer science bibliography, https://dblp.org}
}

@article{DBLP:journals/corr/MnihKSGAWR13,
  author    = {Volodymyr Mnih and
               Koray Kavukcuoglu and
               David Silver and
               Alex Graves and
               Ioannis Antonoglou and
               Daan Wierstra and
               Martin A. Riedmiller},
  title     = {Playing Atari with Deep Reinforcement Learning},
  journal   = {CoRR},
  volume    = {abs/1312.5602},
  year      = {2013},
  url       = {http://arxiv.org/abs/1312.5602},
  eprinttype = {arXiv},
  eprint    = {1312.5602},
  timestamp = {Mon, 13 Aug 2018 16:47:42 +0200},
  biburl    = {https://dblp.org/rec/journals/corr/MnihKSGAWR13.bib},
  bibsource = {dblp computer science bibliography, https://dblp.org}
}

@article{DBLP:journals/corr/abs-2009-11212,
  author    = {P{\'{e}}ter Alm{\'{a}}si and
               R{\'{o}}bert Moni and
               B{\'{a}}lint Gyires{-}T{\'{o}}th},
  title     = {Robust Reinforcement Learning-based Autonomous Driving Agent for Simulation
               and Real World},
  journal   = {CoRR},
  volume    = {abs/2009.11212},
  year      = {2020},
  url       = {https://arxiv.org/abs/2009.11212},
  eprinttype = {arXiv},
  eprint    = {2009.11212},
  timestamp = {Wed, 30 Sep 2020 16:16:22 +0200},
  biburl    = {https://dblp.org/rec/journals/corr/abs-2009-11212.bib},
  bibsource = {dblp computer science bibliography, https://dblp.org}
}

@article{DBLP:journals/corr/abs-1807-02371,
  author    = {Maximilian Jaritz and
               Raoul de Charette and
               Marin Toromanoff and
               Etienne Perot and
               Fawzi Nashashibi},
  title     = {End-to-End Race Driving with Deep Reinforcement Learning},
  journal   = {CoRR},
  volume    = {abs/1807.02371},
  year      = {2018},
  url       = {http://arxiv.org/abs/1807.02371},
  eprinttype = {arXiv},
  eprint    = {1807.02371},
  timestamp = {Mon, 13 Aug 2018 16:48:00 +0200},
  biburl    = {https://dblp.org/rec/journals/corr/abs-1807-02371.bib},
  bibsource = {dblp computer science bibliography, https://dblp.org}
}

@article{DBLP:journals/corr/SchulmanWDRK17,
  author    = {John Schulman and
               Filip Wolski and
               Prafulla Dhariwal and
               Alec Radford and
               Oleg Klimov},
  title     = {Proximal Policy Optimization Algorithms},
  journal   = {CoRR},
  volume    = {abs/1707.06347},
  year      = {2017},
  url       = {http://arxiv.org/abs/1707.06347},
  eprinttype = {arXiv},
  eprint    = {1707.06347},
  timestamp = {Mon, 13 Aug 2018 16:47:34 +0200},
  biburl    = {https://dblp.org/rec/journals/corr/SchulmanWDRK17.bib},
  bibsource = {dblp computer science bibliography, https://dblp.org}
}

@article{DBLP:journals/corr/MnihBMGLHSK16,
  author    = {Volodymyr Mnih and
               Adri{\`{a}} Puigdom{\`{e}}nech Badia and
               Mehdi Mirza and
               Alex Graves and
               Timothy P. Lillicrap and
               Tim Harley and
               David Silver and
               Koray Kavukcuoglu},
  title     = {Asynchronous Methods for Deep Reinforcement Learning},
  journal   = {CoRR},
  volume    = {abs/1602.01783},
  year      = {2016},
  url       = {http://arxiv.org/abs/1602.01783},
  eprinttype = {arXiv},
  eprint    = {1602.01783},
  timestamp = {Mon, 13 Aug 2018 16:47:40 +0200},
  biburl    = {https://dblp.org/rec/journals/corr/MnihBMGLHSK16.bib},
  bibsource = {dblp computer science bibliography, https://dblp.org}
}

@misc{kendall2018learning,
      title={Learning to Drive in a Day}, 
      author={Alex Kendall and Jeffrey Hawke and David Janz and Przemyslaw Mazur and Daniele Reda and John-Mark Allen and Vinh-Dieu Lam and Alex Bewley and Amar Shah},
      year={2018},
      eprint={1807.00412},
      archivePrefix={arXiv},
      primaryClass={cs.LG}
}


@article{gymdt,
	title = "Gym-Duckietown",
	year = "2021",
	note ={\url {https://github.com/duckietown/gym-duckietown}}
}

@article{DBLP:journals/corr/abs-1911-01562,
  author    = {Bharathan Balaji and
               Sunil Mallya and
               Sahika Genc and
               Saurabh Gupta and
               Leo Dirac and
               Vineet Khare and
               Gourav Roy and
               Tao Sun and
               Yunzhe Tao and
               Brian Townsend and
               Eddie Calleja and
               Sunil Muralidhara and
               Dhanasekar Karuppasamy},
  title     = {DeepRacer: Educational Autonomous Racing Platform for Experimentation
               with Sim2Real Reinforcement Learning},
  journal   = {CoRR},
  volume    = {abs/1911.01562},
  year      = {2019},
  url       = {http://arxiv.org/abs/1911.01562},
  eprinttype = {arXiv},
  eprint    = {1911.01562},
  timestamp = {Mon, 11 Nov 2019 18:38:09 +0100},
  biburl    = {https://dblp.org/rec/journals/corr/abs-1911-01562.bib},
  bibsource = {dblp computer science bibliography, https://dblp.org}
}